%% This BibTeX bibliography file was created using BibDesk.
%% http://bibdesk.sourceforge.net/


%% Created for Dennis Evangelista at 2012-03-04 14:58:40 -0800 


%% Saved with string encoding Unicode (UTF-8) 



@book{Kundu:2004,
	Author = {Kundu, Pijush K. and Cohen, Ira M.},
	Date-Added = {2012-03-04 22:57:53 +0000},
	Date-Modified = {2012-03-04 22:58:38 +0000},
	Edition = {3rd},
	Publisher = {Elsevier},
	Title = {Fluid Mechanics},
	Year = {2004}}

@incollection{Worf:2392,
	Address = {San Francisco},
	Author = {Son of Mogh, Worf},
	Booktitle = {Strategic Analyses of the Dominion War},
	Date-Added = {2012-03-04 22:32:10 +0000},
	Date-Modified = {2012-03-04 22:36:00 +0000},
	Editor = {Netchayev, A. A.},
	Publisher = {Starfleet Academy Press},
	Title = {Miscalculation at {AR}-558: Logistical failures in the {J}em {H}adar ketracel white supply train},
	Year = {2392}}
