% This file was created with JabRef 2.7b.
% Encoding: UTF-8

@ARTICLE{Baker:2012,
  author = {A. Baker and C. Dog},
  title = {Math is fun},
  journal = {Journal of Amusements in Mathematics},
  year = {2012},
  volume = {2},
  pages = {55--87},
  owner = {devangel},
  timestamp = {2012.02.13}
}

